@article{yuan2015bitphylogeny,
  title={BitPhylogeny: a probabilistic framework for reconstructing intra-tumor phylogenies},
  author={Yuan, Ke and Sakoparnig, Thomas and Markowetz, Florian and Beerenwinkel, Niko},
  journal={Genome biology},
  volume={16},
  number={1},
  pages={36},
  year={2015},
  publisher={BioMed Central Ltd}
}

@article{xu2015mad,
  title={MAD Bayes for Tumor Heterogeneityâ€”Feature Allocation With Exponential Family Sampling},
  author={Xu, Yanxun and M{\"u}ller, Peter and Yuan, Yuan and Gulukota, Kamalakar and Ji, Yuan},
  journal={Journal of the American Statistical Association},
  volume={110},
  number={510},
  pages={503--514},
  year={2015},
  publisher={Taylor \& Francis}
}

@article{nowell1976clonal,
  title={The clonal evolution of tumor cell populations},
  author={Nowell, Peter C},
  journal={Science},
  volume={194},
  number={4260},
  pages={23--28},
  year={1976},
  publisher={American Association for the Advancement of Science}
}

@article{greaves2012clonal,
  title={Clonal evolution in cancer},
  author={Greaves, Mel and Maley, Carlo C},
  journal={Nature},
  volume={481},
  number={7381},
  pages={306--313},
  year={2012},
  publisher={Nature Publishing Group}
}

@article{zhao2016early,
  title={Early and multiple origins of metastatic lineages within primary tumors},
  author={Zhao, Zi-Ming and Zhao, Bixiao and Bai, Yalai and Iamarino, Atila and Gaffney, Stephen G and Schlessinger, Joseph and Lifton, Richard P and Rimm, David L and Townsend, Jeffrey P},
  journal={Proceedings of the National Academy of Sciences},
  volume={113},
  number={8},
  pages={2140--2145},
  year={2016},
  publisher={National Acad Sciences}
}

@article{campbell2010patterns,
  title={The patterns and dynamics of genomic instability in metastatic pancreatic cancer},
  author={Campbell, Peter J and Yachida, Shinichi and Mudie, Laura J and Stephens, Philip J and Pleasance, Erin D and Stebbings, Lucy A and Morsberger, Laura A and Latimer, Calli and McLaren, Stuart and Lin, Meng-Lay and others},
  journal={Nature},
  volume={467},
  number={7319},
  pages={1109--1113},
  year={2010},
  publisher={Nature Publishing Group}
}

@article{campbell2008subclonal,
  title={Subclonal phylogenetic structures in cancer revealed by ultra-deep sequencing},
  author={Campbell, Peter J and Pleasance, Erin D and Stephens, Philip J and Dicks, Ed and Rance, Richard and Goodhead, Ian and Follows, George A and Green, Anthony R and Futreal, P Andy and Stratton, Michael R},
  journal={Proceedings of the National Academy of Sciences},
  volume={105},
  number={35},
  pages={13081--13086},
  year={2008},
  publisher={National Acad Sciences}
}

@article{ruiz2011advancing,
  title={Advancing a clinically relevant perspective of the clonal nature of cancer},
  author={Ruiz, Christian and Lenkiewicz, Elizabeth and Evers, Lisa and Holley, Tara and Robeson, Alex and Kiefer, Jeffrey and Demeure, Michael J and Hollingsworth, Michael A and Shen, Michael and Prunkard, Donna and others},
  journal={Proceedings of the National Academy of Sciences},
  volume={108},
  number={29},
  pages={12054--12059},
  year={2011},
  publisher={National Acad Sciences}
}

@article{kreso2013variable,
  title={Variable clonal repopulation dynamics influence chemotherapy response in colorectal cancer},
  author={Kreso, Antonija and O'Brien, Catherine A and van Galen, Peter and Gan, Olga I and Notta, Faiyaz and Brown, Andrew MK and Ng, Karen and Ma, Jing and Wienholds, Erno and Dunant, Cyrille and others},
  journal={Science},
  volume={339},
  number={6119},
  pages={543--548},
  year={2013},
  publisher={American Association for the Advancement of Science}
}

@article{navin2011tumour,
  title={Tumour evolution inferred by single-cell sequencing},
  author={Navin, Nicholas and Kendall, Jude and Troge, Jennifer and Andrews, Peter and Rodgers, Linda and McIndoo, Jeanne and Cook, Kerry and Stepansky, Asya and Levy, Dan and Esposito, Diane and others},
  journal={Nature},
  volume={472},
  number={7341},
  pages={90--94},
  year={2011},
  publisher={Nature Publishing Group}
}

@article{malikic2015clonality,
  title={Clonality inference in multiple tumor samples using phylogeny},
  author={Malikic, Salem and McPherson, Andrew W and Donmez, Nilgun and Sahinalp, Cenk S},
  journal={Bioinformatics},
  pages={btv003},
  year={2015},
  publisher={Oxford Univ Press}
}

@article{roth2014pyclone,
  title={PyClone: statistical inference of clonal population structure in cancer},
  author={Roth, Andrew and Khattra, Jaswinder and Yap, Damian and Wan, Adrian and Laks, Emma and Biele, Justina and Ha, Gavin and Aparicio, Samuel and Bouchard-C{\^o}t{\'e}, Alexandre and Shah, Sohrab P},
  journal={Nature methods},
  volume={11},
  number={4},
  pages={396--398},
  year={2014},
  publisher={Nature Publishing Group}
}

@article{lee2015bayesian,
  title={A Bayesian feature allocation model for tumor heterogeneity},
  author={Lee, Juhee and M{\"u}ller, Peter and Gulukota, Kamalakar and Ji, Yuan and others},
  journal={The Annals of Applied Statistics},
  volume={9},
  number={2},
  pages={621--639},
  year={2015},
  publisher={Institute of Mathematical Statistics}
}

@article{lee2016bayesian,
  title={Bayesian inference for intratumour heterogeneity in mutations and copy number variation},
  author={Lee, Juhee and M{\"u}ller, Peter and Sengupta, Subhajit and Gulukota, Kamalakar and Ji, Yuan},
  journal={Journal of the Royal Statistical Society: Series C (Applied Statistics)},
  year={2016},
  publisher={Wiley Online Library}
}

@article{strino2013trap,
  title={TrAp: a tree approach for fingerprinting subclonal tumor composition},
  author={Strino, Francesco and Parisi, Fabio and Micsinai, Mariann and Kluger, Yuval},
  journal={Nucleic acids research},
  volume={41},
  number={17},
  pages={e165--e165},
  year={2013},
  publisher={Oxford Univ Press}
}

@article{yuan2015bitphylogeny,
  title={BitPhylogeny: a probabilistic framework for reconstructing intra-tumor phylogenies},
  author={Yuan, Ke and Sakoparnig, Thomas and Markowetz, Florian and Beerenwinkel, Niko},
  journal={Genome biology},
  volume={16},
  number={1},
  pages={36},
  year={2015},
  publisher={BioMed Central Ltd}
}

@article{niknafs2015subclonal,
  title={SubClonal Hierarchy Inference from Somatic Mutations: automatic reconstruction of cancer evolutionary trees from multi-region next generation sequencing},
  author={Niknafs, Noushin and Beleva-Guthrie, Violeta and Naiman, Daniel Q and Karchin, Rachel},
  journal={PLoS Comput Biol},
  volume={11},
  number={10},
  pages={e1004416},
  year={2015},
  publisher={Public Library of Science}
}

@article{nawy2014single,
  title={Single-cell sequencing},
  author={Nawy, Tal},
  journal={Nature methods},
  volume={11},
  number={1},
  pages={18--18},
  year={2014},
  publisher={Nature Publishing Group}
}

@article{wang2014clonal,
  title={Clonal evolution in breast cancer revealed by single nucleus genome sequencing},
  author={Wang, Yong and Waters, Jill and Leung, Marco L and Unruh, Anna and Roh, Whijae and Shi, Xiuqing and Chen, Ken and Scheet, Paul and Vattathil, Selina and Liang, Han and others},
  journal={Nature},
  volume={512},
  number={7513},
  pages={155--160},
  year={2014},
  publisher={Nature Publishing Group}
}

@article{paguirigan2015single,
  title={Single-cell genotyping demonstrates complex clonal diversity in acute myeloid leukemia},
  author={Paguirigan, Amy L and Smith, Jordan and Meshinchi, Soheil and Carroll, Martin and Maley, Carlo and Radich, Jerald P},
  journal={Science translational medicine},
  volume={7},
  number={281},
  pages={281re2--281re2},
  year={2015},
  publisher={American Association for the Advancement of Science}
}

@article{tirosh2016dissecting,
  title={Dissecting the multicellular ecosystem of metastatic melanoma by single-cell RNA-seq},
  author={Tirosh, Itay and Izar, Benjamin and Prakadan, Sanjay M and Wadsworth, Marc H and Treacy, Daniel and Trombetta, John J and Rotem, Asaf and Rodman, Christopher and Lian, Christine and Murphy, George and others},
  journal={Science},
  volume={352},
  number={6282},
  pages={189--196},
  year={2016},
  publisher={American Association for the Advancement of Science}
}

@article{gubin2015tumor,
  title={Tumor neoantigens: building a framework for personalized cancer immunotherapy},
  author={Gubin, Matthew M and Artyomov, Maxim N and Mardis, Elaine R and Schreiber, Robert D},
  journal={Journal of Clinical Investigation},
  volume={125},
  number={9},
  pages={3413},
  year={2015},
  publisher={American Society for Clinical Investigation}
}

@article{rajasagi2014systematic,
  title={Systematic identification of personal tumor-specific neoantigens in chronic lymphocytic leukemia},
  author={Rajasagi, Mohini and Shukla, Sachet A and Fritsch, Edward F and Keskin, Derin B and DeLuca, David and Carmona, Ellese and Zhang, Wandi and Sougnez, Carrie and Cibulskis, Kristian and Sidney, John and others},
  journal={Blood},
  volume={124},
  number={3},
  pages={453--462},
  year={2014},
  publisher={Am Soc Hematology}
}


@article{mcgranahan2016clonal,
  title={Clonal neoantigens elicit T cell immunoreactivity and sensitivity to immune checkpoint blockade},
  author={McGranahan, Nicholas and Furness, Andrew JS and Rosenthal, Rachel and Ramskov, Sofie and Lyngaa, Rikke and Saini, Sunil Kumar and Jamal-Hanjani, Mariam and Wilson, Gareth A and Birkbak, Nicolai J and Hiley, Crispin T and others},
  journal={Science},
  volume={351},
  number={6280},
  pages={1463--1469},
  year={2016},
  publisher={American Association for the Advancement of Science}
}

@article{hutchinson2016immunotherapy,
  title={Immunotherapy: Clonal neoantigens and immune response: a balancing act},
  author={Hutchinson, Lisa},
  journal={Nature Reviews Clinical Oncology},
  year={2016},
  publisher={Nature Publishing Group}
}


@article{zare2014inferring,
  title={Inferring clonal composition from multiple sections of a breast cancer},
  author={Zare, Habil and Wang, Junfeng and Hu, Alex and Weber, Kris and Smith, Josh and Nickerson, Debbie and Song, ChaoZhong and Witten, Daniela and Blau, C Anthony and Noble, William Stafford},
  journal={PLoS Comput Biol},
  volume={10},
  number={7},
  pages={e1003703},
  year={2014},
  publisher={Public Library of Science}
}

@article{gerlinger2012intratumor,
  title={Intratumor heterogeneity and branched evolution revealed by multiregion sequencing},
  author={Gerlinger, Marco and Rowan, Andrew J and Horswell, Stuart and Larkin, James and Endesfelder, David and Gronroos, Eva and Martinez, Pierre and Matthews, Nicholas and Stewart, Aengus and Tarpey, Patrick and others},
  journal={New England Journal of Medicine},
  volume={366},
  number={10},
  pages={883--892},
  year={2012},
  publisher={Mass Medical Soc}
}

@article{burrell2013causes,
  title={The causes and consequences of genetic heterogeneity in cancer evolution},
  author={Burrell, Rebecca A and McGranahan, Nicholas and Bartek, Jiri and Swanton, Charles},
  journal={Nature},
  volume={501},
  number={7467},
  pages={338--345},
  year={2013},
  publisher={Nature Publishing Group}
}

@article{schumacher2015neoantigens,
  title={Neoantigens in cancer immunotherapy},
  author={Schumacher, Ton N and Schreiber, Robert D},
  journal={Science},
  volume={348},
  number={6230},
  pages={69--74},
  year={2015},
  publisher={American Association for the Advancement of Science}
}

@article{beroukhim2010landscape,
  title={The landscape of somatic copy-number alteration across human cancers},
  author={Beroukhim, Rameen and Mermel, Craig H and Porter, Dale and Wei, Guo and Raychaudhuri, Soumya and Donovan, Jerry and Barretina, Jordi and Boehm, Jesse S and Dobson, Jennifer and Urashima, Mitsuyoshi and others},
  journal={Nature},
  volume={463},
  number={7283},
  pages={899--905},
  year={2010},
  publisher={Nature Publishing Group}
}

@article{mccarroll2007copy,
  title={Copy-number variation and association studies of human disease},
  author={McCarroll, Steven A and Altshuler, David M},
  journal={Nature genetics},
  volume={39},
  pages={S37--S42},
  year={2007},
  publisher={Nature Publishing Group}
}

@article{zitvogel2016microbiome,
  title={Microbiome and Anticancer Immunosurveillance},
  author={Zitvogel, Laurence and Ayyoub, Maha and Routy, Bertrand and Kroemer, Guido},
  journal={Cell},
  volume={165},
  number={2},
  pages={276--287},
  year={2016},
  publisher={Elsevier}
}

@article{mcfadden2014genetic,
  title={Genetic and clonal dissection of murine small cell lung carcinoma progression by genome sequencing},
  author={McFadden, David G and Papagiannakopoulos, Thales and Taylor-Weiner, Amaro and Stewart, Chip and Carter, Scott L and Cibulskis, Kristian and Bhutkar, Arjun and McKenna, Aaron and Dooley, Alison and Vernon, Amanda and others},
  journal={Cell},
  volume={156},
  number={6},
  pages={1298--1311},
  year={2014},
  publisher={Elsevier}
}

@article{ding2012clonal,
  title={Clonal evolution in relapsed acute myeloid leukaemia revealed by whole-genome sequencing},
  author={Ding, Li and Ley, Timothy J and Larson, David E and Miller, Christopher A and Koboldt, Daniel C and Welch, John S and Ritchey, Julie K and Young, Margaret A and Lamprecht, Tamara and McLellan, Michael D and others},
  journal={Nature},
  volume={481},
  number={7382},
  pages={506--510},
  year={2012},
  publisher={Nature Publishing Group}
}

@article{schuh2012monitoring,
  title={Monitoring chronic lymphocytic leukemia progression by whole genome sequencing reveals heterogeneous clonal evolution patterns},
  author={Schuh, Anna and Becq, Jennifer and Humphray, Sean and Alexa, Adrian and Burns, Adam and Clifford, Ruth and Feller, Stephan M and Grocock, Russell and Henderson, Shirley and Khrebtukova, Irina and others},
  journal={Blood},
  volume={120},
  number={20},
  pages={4191--4196},
  year={2012},
  publisher={Am Soc Hematology}
}

@article{yachida2010distant,
  title={Distant metastasis occurs late during the genetic evolution of pancreatic cancer},
  author={Yachida, Shinichi and Jones, Si{\^a}n and Bozic, Ivana and Antal, Tibor and Leary, Rebecca and Fu, Baojin and Kamiyama, Mihoko and Hruban, Ralph H and Eshleman, James R and Nowak, Martin A and others},
  journal={Nature},
  volume={467},
  number={7319},
  pages={1114--1117},
  year={2010},
  publisher={Nature Publishing Group}
}

@article{gerlinger2014genomic,
  title={Genomic architecture and evolution of clear cell renal cell carcinomas defined by multiregion sequencing},
  author={Gerlinger, Marco and Horswell, Stuart and Larkin, James and Rowan, Andrew J and Salm, Max P and Varela, Ignacio and Fisher, Rosalie and McGranahan, Nicholas and Matthews, Nicholas and Santos, Claudio R and others},
  journal={Nature genetics},
  volume={46},
  number={3},
  pages={225--233},
  year={2014},
  publisher={Nature Publishing Group}
}

@article{wang2016clonal,
  title={Clonal evolution of glioblastoma under therapy},
  author={Wang, Jiguang and Cazzato, Emanuela and Ladewig, Erik and Frattini, Veronique and Rosenbloom, Daniel IS and Zairis, Sakellarios and Abate, Francesco and Liu, Zhaoqi and Elliott, Oliver and Shin, Yong-Jae and others},
  journal={Nature genetics},
  year={2016},
  publisher={Nature Publishing Group}
}

@article{ojamies2016responses,
  title={Responses of AML patients to tailored drug regimens: monitoring cancer subclones by ultra-deep resequencing},
  author={Ojamies, Poojitha N and Kontro, Mika and Edgren, Henrik and Ellonen, Pekka and Lagstrom, Sonja and Almusa, Henrikki and Miettinen, Timo and Eldfors, Samuli and Tamborero, David and Wennerberg, Krister and others},
  journal={Cancer Research},
  volume={76},
  number={14 Supplement},
  pages={2378--2378},
  year={2016},
  publisher={AACR}
}

@article{aparicio2013implications,
  title={The implications of clonal genome evolution for cancer medicine},
  author={Aparicio, Samuel and Caldas, Carlos},
  journal={New England journal of medicine},
  volume={368},
  number={9},
  pages={842--851},
  year={2013},
  publisher={Mass Medical Soc}
}

@article{yates2015subclonal,
  title={Subclonal diversification of primary breast cancer revealed by multiregion sequencing},
  author={Yates, Lucy R and Gerstung, Moritz and Knappskog, Stian and Desmedt, Christine and Gundem, Gunes and Van Loo, Peter and Aas, Turid and Alexandrov, Ludmil B and Larsimont, Denis and Davies, Helen and others},
  journal={Nature medicine},
  volume={21},
  number={7},
  pages={751--759},
  year={2015},
  publisher={Nature Publishing Group}
}

@article{carter2012absolute,
  title={Absolute quantification of somatic DNA alterations in human cancer},
  author={Carter, Scott L and Cibulskis, Kristian and Helman, Elena and McKenna, Aaron and Shen, Hui and Zack, Travis and Laird, Peter W and Onofrio, Robert C and Winckler, Wendy and Weir, Barbara A and others},
  journal={Nature biotechnology},
  volume={30},
  number={5},
  pages={413--421},
  year={2012},
  publisher={Nature Publishing Group}
}

@article{jiao2014inferring,
  title={Inferring clonal evolution of tumors from single nucleotide somatic mutations},
  author={Jiao, Wei and Vembu, Shankar and Deshwar, Amit G and Stein, Lincoln and Morris, Quaid},
  journal={BMC bioinformatics},
  volume={15},
  number={1},
  pages={1},
  year={2014},
  publisher={BioMed Central}
}

@article{deshwar2015phylowgs,
  title={PhyloWGS: reconstructing subclonal composition and evolution from whole-genome sequencing of tumors},
  author={Deshwar, Amit G and Vembu, Shankar and Yung, Christina K and Jang, Gun Ho and Stein, Lincoln and Morris, Quaid},
  journal={Genome biology},
  volume={16},
  number={1},
  pages={1},
  year={2015},
  publisher={BioMed Central}
}

@article{kimura1969number,
  title={The number of heterozygous nucleotide sites maintained in a finite population due to steady flux of mutations},
  author={Kimura, Motoo},
  journal={Genetics},
  volume={61},
  number={4},
  pages={893},
  year={1969},
  publisher={Genetics Society of America}
}

@article{klambauer2012cn,
  title={cn. MOPS: mixture of Poissons for discovering copy number variations in next-generation sequencing data with a low false discovery rate},
  author={Klambauer, G{\"u}nter and Schwarzbauer, Karin and Mayr, Andreas and Clevert, Djork-Arn{\'e} and Mitterecker, Andreas and Bodenhofer, Ulrich and Hochreiter, Sepp},
  journal={Nucleic acids research},
  pages={gks003},
  year={2012},
  publisher={Oxford Univ Press}
}

@article{nilsen2012copynumber,
  title={Copynumber: Efficient algorithms for single-and multi-track copy number segmentation},
  author={Nilsen, Gro and Liest{\o}l, Knut and Van Loo, Peter and Vollan, Hans Kristian Moen and Eide, Marianne B and Rueda, Oscar M and Chin, Suet-Feung and Russell, Roslin and Baumbusch, Lars O and Caldas, Carlos and others},
  journal={BMC genomics},
  volume={13},
  number={1},
  pages={591},
  year={2012},
  publisher={BioMed Central Ltd}
}

@article{geyer1991markov,
  title={Markov chain Monte Carlo maximum likelihood},
  author={Geyer, Charles J},
  year={1991},
  publisher={Interface Foundation of North America}
}

@article{jiang2016assessing,
  title={Assessing intratumor heterogeneity and tracking longitudinal and spatial clonal evolutionary history by next-generation sequencing},
  author={Jiang, Yuchao and Qiu, Yu and Minn, Andy J and Zhang, Nancy R},
  journal={Proceedings of the National Academy of Sciences},
  volume={113},
  number={37},
  pages={E5528--E5537},
  year={2016},
  publisher={National Acad Sciences}
}

@article{parisi2011detecting,
  title={Detecting copy number status and uncovering subclonal markers in heterogeneous tumor biopsies},
  author={Parisi, Fabio and Ariyan, Stephan and Narayan, Deepak and Bacchiocchi, Antonella and Hoyt, Kathleen and Cheng, Elaine and Xu, Fang and Li, Peining and Halaban, Ruth and Kluger, Yuval},
  journal={BMC genomics},
  volume={12},
  number={1},
  pages={1},
  year={2011},
  publisher={BioMed Central}
}

@article{li2014general,
  title={A general framework for analyzing tumor subclonality using SNP array and DNA sequencing data},
  author={Li, Bo and Li, Jun Z},
  journal={Genome biology},
  volume={15},
  number={9},
  pages={1},
  year={2014},
  publisher={BioMed Central}
}

@article{gelman2014understanding,
  title={Understanding predictive information criteria for Bayesian models},
  author={Gelman, Andrew and Hwang, Jessica and Vehtari, Aki},
  journal={Statistics and Computing},
  volume={24},
  number={6},
  pages={997--1016},
  year={2014},
  publisher={Springer}
}

@article{spiegelhalter2002bayesian,
  title={Bayesian measures of model complexity and fit},
  author={Spiegelhalter, David J and Best, Nicola G and Carlin, Bradley P and Van Der Linde, Angelika},
  journal={Journal of the Royal Statistical Society: Series B (Statistical Methodology)},
  volume={64},
  number={4},
  pages={583--639},
  year={2002},
  publisher={Wiley Online Library}
}

@article{miller2014sciclone,
  title={SciClone: inferring clonal architecture and tracking the spatial and temporal patterns of tumor evolution},
  author={Miller, Christopher A and White, Brian S and Dees, Nathan D and Griffith, Malachi and Welch, John S and Griffith, Obi L and Vij, Ravi and Tomasson, Michael H and Graubert, Timothy A and Walter, Matthew J and others},
  journal={PLoS Comput Biol},
  volume={10},
  number={8},
  pages={e1003665},
  year={2014},
  publisher={Public Library of Science}
}

@article{chen2014allele,
  title={Allele-specific copy number profiling by next-generation DNA sequencing},
  author={Chen, Hao and Bell, John M and Zavala, Nicolas A and Ji, Hanlee P and Zhang, Nancy R},
  journal={Nucleic acids research},
  pages={gku1252},
  year={2014},
  publisher={Oxford Univ Press}
}

@article{rand1971objective,
  title={Objective criteria for the evaluation of clustering methods},
  author={Rand, William M},
  journal={Journal of the American Statistical association},
  volume={66},
  number={336},
  pages={846--850},
  year={1971},
  publisher={Taylor \& Francis Group}
}

@article{gonzalez2013intogen,
  title={IntOGen-mutations identifies cancer drivers across tumor types},
  author={Gonzalez-Perez, Abel and Perez-Llamas, Christian and Deu-Pons, Jordi and Tamborero, David and Schroeder, Michael P and Jene-Sanz, Alba and Santos, Alberto and Lopez-Bigas, Nuria},
  journal={Nature methods},
  volume={10},
  number={11},
  pages={1081--1082},
  year={2013},
  publisher={Nature Research}
}

@article{wu2014h3k9,
  title={H3K9 histone methyltransferase, KMT1E/SETDB1, cooperates with the SMAD2/3 pathway to suppress lung cancer metastasis},
  author={Wu, Pei-Chun and Lu, Jeng-Wei and Yang, Jer-Yen and Lin, I-Hsuan and Ou, Da-Liang and Lin, Yu-Hsiang and Chou, Kuan-Hsien and Huang, Wen-Feng and Wang, Wan-Ping and Huang, Yih-Leh and others},
  journal={Cancer research},
  volume={74},
  number={24},
  pages={7333--7343},
  year={2014},
  publisher={AACR}
}

@article{pavese2014mitogen,
  title={Mitogen-activated protein kinase kinase 4 (MAP2K4) promotes human prostate cancer metastasis},
  author={Pavese, Janet M and Ogden, Irene M and Voll, Eric A and Huang, Xiaoke and Xu, Li and Jovanovic, Borko and Bergan, Raymond C},
  journal={PloS one},
  volume={9},
  number={7},
  pages={e102289},
  year={2014},
  publisher={Public Library of Science}
}

@article{neal2003slice,
  title={Slice sampling},
  author={Neal, Radford M},
  journal={Annals of statistics},
  pages={705--741},
  year={2003},
  publisher={JSTOR}
}

@book{gelman2014bayesian,
  title={Bayesian data analysis},
  author={Gelman, Andrew and Carlin, John B and Stern, Hal S and Rubin, Donald B},
  volume={2},
  year={2014},
  publisher={Chapman \& Hall/CRC Boca Raton, FL, USA}
}

@article{marass2017phylogenetic,
  title={A phylogenetic latent feature model for clonal deconvolution},
  author={Marass, Francesco and Mouliere, Florent and Yuan, Ke and Rosenfeld, Nitzan and Markowetz, Florian and others},
  journal={The Annals of Applied Statistics},
  volume={10},
  number={4},
  pages={2377--2404},
  year={2017},
  publisher={Institute of Mathematical Statistics}
}

@article{watanabe2010asymptotic,
  title={Asymptotic equivalence of Bayes cross validation and widely applicable information criterion in singular learning theory},
  author={Watanabe, Sumio},
  journal={Journal of Machine Learning Research},
  volume={11},
  number={Dec},
  pages={3571--3594},
  year={2010}
}

@article{watanabe2013widely,
  title={A widely applicable Bayesian information criterion},
  author={Watanabe, Sumio},
  journal={Journal of Machine Learning Research},
  volume={14},
  number={Mar},
  pages={867--897},
  year={2013}
}

@article{watanabe2013waic,
  title={WAIC and WBIC are Information Criteria for Singular Statistical Model Evaluation},
  author={Watanabe, Sumio},
  journal={WAIC and WBIC are Information Criteria for Singular Statistical Model Evaluation},
  year={2013}
}

@article{brooks1998general,
  title={General methods for monitoring convergence of iterative simulations},
  author={Brooks, Stephen P and Gelman, Andrew},
  journal={Journal of computational and graphical statistics},
  volume={7},
  number={4},
  pages={434--455},
  year={1998},
  publisher={Taylor \& Francis}
}

@article{robinson2013rb1,
  title={RB1 status in triple negative breast cancer cells dictates response to radiation treatment and selective therapeutic drugs},
  author={Robinson, Tyler JW and Liu, Jeff C and Vizeacoumar, Frederick and Sun, Thomas and Maclean, Neil and Egan, Sean E and Schimmer, Aaron D and Datti, Alessandro and Zacksenhaus, Eldad},
  journal={PLoS One},
  volume={8},
  number={11},
  pages={e78641},
  year={2013},
  publisher={Public Library of Science}
}

@article{campbell2016fgfr2,
  title={FGFR2 risk SNPs confer breast cancer risk by augmenting oestrogen responsiveness},
  author={Campbell, Thomas M and Castro, Mauro AA and de Santiago, Ines and Fletcher, Michael NC and Halim, Silvia and Prathalingam, Radhika and Ponder, Bruce AJ and Meyer, Kerstin B},
  journal={Carcinogenesis},
  volume={37},
  number={8},
  pages={741--750},
  year={2016},
  publisher={Oxford Univ Press}
}

@article{maguire2015sf3b1,
  title={SF3B1 mutations constitute a novel therapeutic target in breast cancer},
  author={Maguire, Sarah L and Leonidou, Andri and Wai, Patty and Marchi{\`o}, Caterina and Ng, Charlotte KY and Sapino, Anna and Salomon, Anne-Vincent and Reis-Filho, Jorge S and Weigelt, Britta and Natrajan, Rachael C},
  journal={The Journal of pathology},
  volume={235},
  number={4},
  pages={571--580},
  year={2015},
  publisher={Wiley Online Library}
}

@article{wei2007nonparametric,
  title={Nonparametric pathway-based regression models for analysis of genomic data},
  author={Wei, Zhi and Li, Hongzhe},
  journal={Biostatistics},
  volume={8},
  number={2},
  pages={265--284},
  year={2007},
  publisher={Biometrika Trust}
}

@article{subramanian2005gene,
  title={Gene set enrichment analysis: a knowledge-based approach for interpreting genome-wide expression profiles},
  author={Subramanian, Aravind and Tamayo, Pablo and Mootha, Vamsi K and Mukherjee, Sayan and Ebert, Benjamin L and Gillette, Michael A and Paulovich, Amanda and Pomeroy, Scott L and Golub, Todd R and Lander, Eric S and others},
  journal={Proceedings of the National Academy of Sciences},
  volume={102},
  number={43},
  pages={15545--15550},
  year={2005},
  publisher={National Acad Sciences}
}

@article{friedman2000additive,
  title={Additive logistic regression: a statistical view of boosting (with discussion and a rejoinder by the authors)},
  author={Friedman, Jerome and Hastie, Trevor and Tibshirani, Robert and others},
  journal={The annals of statistics},
  volume={28},
  number={2},
  pages={337--407},
  year={2000},
  publisher={Institute of Mathematical Statistics}
}

@article{luan2007group,
  title={Group additive regression models for genomic data analysis},
  author={Luan, Yihui and Li, Hongzhe},
  journal={Biostatistics},
  volume={9},
  number={1},
  pages={100--113},
  year={2007},
  publisher={Oxford University Press}
}

@article{friedman2001greedy,
  title={Greedy function approximation: a gradient boosting machine},
  author={Friedman, Jerome H},
  journal={Annals of statistics},
  pages={1189--1232},
  year={2001},
  publisher={JSTOR}
}

@article{guyon2002gene,
  title={Gene selection for cancer classification using support vector machines},
  author={Guyon, Isabelle and Weston, Jason and Barnhill, Stephen and Vapnik, Vladimir},
  journal={Machine learning},
  volume={46},
  number={1},
  pages={389--422},
  year={2002},
  publisher={Springer}
}

@inproceedings{drucker1997support,
  title={Support vector regression machines},
  author={Drucker, Harris and Burges, Christopher JC and Kaufman, Linda and Smola, Alex J and Vapnik, Vladimir},
  booktitle={Advances in neural information processing systems},
  pages={155--161},
  year={1997}
}

@article{fukumizu2009kernel,
  title={Kernel dimension reduction in regression},
  author={Fukumizu, Kenji and Bach, Francis R and Jordan, Michael I},
  journal={The Annals of Statistics},
  pages={1871--1905},
  year={2009},
  publisher={JSTOR}
}

@book{friedman2001elements,
  title={The elements of statistical learning},
  author={Friedman, Jerome and Hastie, Trevor and Tibshirani, Robert},
  volume={1},
  year={2001},
  publisher={Springer series in statistics New York}
}

@article{johnson2014learning,
  title={Learning nonlinear functions using regularized greedy forest},
  author={Johnson, Rie and Zhang, Tong},
  journal={IEEE transactions on pattern analysis and machine intelligence},
  volume={36},
  number={5},
  pages={942--954},
  year={2014},
  publisher={IEEE}
}

@inproceedings{chen2016xgboost,
  title={Xgboost: A scalable tree boosting system},
  author={Chen, Tianqi and Guestrin, Carlos},
  booktitle={Proceedings of the 22nd acm sigkdd international conference on knowledge discovery and data mining},
  pages={785--794},
  year={2016},
  organization={ACM}
}

@article{tibshirani1996regression,
  title={Regression shrinkage and selection via the lasso},
  author={Tibshirani, Robert},
  journal={Journal of the Royal Statistical Society. Series B (Methodological)},
  pages={267--288},
  year={1996},
  publisher={JSTOR}
}

@article{breiman2001random,
  title={Random forests},
  author={Breiman, Leo},
  journal={Machine learning},
  volume={45},
  number={1},
  pages={5--32},
  year={2001},
  publisher={Springer}
}

@article{xia2013mkboost,
  title={Mkboost: A framework of multiple kernel boosting},
  author={Xia, Hao and Hoi, Steven CH},
  journal={IEEE Transactions on knowledge and data engineering},
  volume={25},
  number={7},
  pages={1574--1586},
  year={2013},
  publisher={IEEE}
}

@article{aiolli2015easymkl,
  title={EasyMKL: a scalable multiple kernel learning algorithm},
  author={Aiolli, Fabio and Donini, Michele},
  journal={Neurocomputing},
  volume={169},
  pages={215--224},
  year={2015},
  publisher={Elsevier}
}

@article{wu2011rare,
  title={Rare-variant association testing for sequencing data with the sequence kernel association test},
  author={Wu, Michael C and Lee, Seunggeun and Cai, Tianxi and Li, Yun and Boehnke, Michael and Lin, Xihong},
  journal={The American Journal of Human Genetics},
  volume={89},
  number={1},
  pages={82--93},
  year={2011},
  publisher={Elsevier}
}

@article{liu2007semiparametric,
  title={Semiparametric Regression of Multidimensional Genetic Pathway Data: Least-Squares Kernel Machines and Linear Mixed Models},
  author={Liu, Dawei and Lin, Xihong and Ghosh, Debashis},
  journal={Biometrics},
  volume={63},
  number={4},
  pages={1079--1088},
  year={2007},
  publisher={Wiley Online Library}
}

@article{kanehisa2000kegg,
  title={KEGG: kyoto encyclopedia of genes and genomes},
  author={Kanehisa, Minoru and Goto, Susumu},
  journal={Nucleic acids research},
  volume={28},
  number={1},
  pages={27--30},
  year={2000},
  publisher={Oxford University Press}
}

@article{schaefer2008pid,
  title={PID: the pathway interaction database},
  author={Schaefer, Carl F and Anthony, Kira and Krupa, Shiva and Buchoff, Jeffrey and Day, Matthew and Hannay, Timo and Buetow, Kenneth H},
  journal={Nucleic acids research},
  volume={37},
  number={suppl\_1},
  pages={D674--D679},
  year={2008},
  publisher={Oxford University Press}
}

@article{nishimura2001biocarta,
  title={BioCarta},
  author={Nishimura, Darryl},
  journal={Biotech Software \& Internet Report: The Computer Software Journal for Scient},
  volume={2},
  number={3},
  pages={117--120},
  year={2001},
  publisher={Mary Ann Liebert, Inc.}
}

@article{gonen2014drug,
  title={Drug susceptibility prediction against a panel of drugs using kernelized Bayesian multitask learning},
  author={G{\"o}nen, Mehmet and Margolin, Adam A},
  journal={Bioinformatics},
  volume={30},
  number={17},
  pages={i556--i563},
  year={2014},
  publisher={Oxford University Press}
}

@article{costello2014community,
  title={A community effort to assess and improve drug sensitivity prediction algorithms},
  author={Costello, James C and Heiser, Laura M and Georgii, Elisabeth and G{\"o}nen, Mehmet and Menden, Michael P and Wang, Nicholas J and Bansal, Mukesh and Hintsanen, Petteri and Khan, Suleiman A and Mpindi, John-Patrick and others},
  journal={Nature biotechnology},
  volume={32},
  number={12},
  pages={1202--1212},
  year={2014},
  publisher={Nature Research}
}

@article{carlson2004mapping,
  title={Mapping complex disease loci in whole-genome association studies},
  author={Carlson, Christopher S and Eberle, Michael A and Kruglyak, Leonid and Nickerson, Deborah A},
  journal={Nature},
  volume={429},
  number={6990},
  pages={446},
  year={2004},
  publisher={Nature Publishing Group}
}

@article{pereira2016somatic,
  title={The somatic mutation profiles of 2,433 breast cancers refines their genomic and transcriptomic landscapes},
  author={Pereira, Bernard and Chin, Suet-Feung and Rueda, Oscar M and Vollan, Hans-Kristian Moen and Provenzano, Elena and Bardwell, Helen A and Pugh, Michelle and Jones, Linda and Russell, Roslin and Sammut, Stephen-John and others},
  journal={Nature communications},
  volume={7},
  year={2016},
  publisher={Nature Publishing Group}
}

@article{cancer2015comprehensive,
  title={Comprehensive, integrative genomic analysis of diffuse lower-grade gliomas},
  author={TCGA and others},
  journal={N Engl J Med},
  volume={2015},
  number={372},
  pages={2481--2498},
  year={2015},
  publisher={Mass Medical Soc}
}

@article{cancer2015genomic,
  title={Genomic classification of cutaneous melanoma},
  author={TCGA and others},
  journal={Cell},
  volume={161},
  number={7},
  pages={1681--1696},
  year={2015},
  publisher={Elsevier}
}

@article{zhang2010cell,
  title={Cell aggregation induces phosphorylation of PECAM-1 and Pyk2 and promotes tumor cell anchorage-independent growth},
  author={Zhang, Xing and Xu, Li-hua and Yu, Qiang},
  journal={Molecular cancer},
  volume={9},
  number={1},
  pages={7},
  year={2010},
  publisher={BioMed Central}
}

@article{monteith2007calcium,
  title={Calcium and cancer: targeting Ca2+ transport},
  author={Monteith, Gregory R and McAndrew, Damara and Faddy, Helen M and Roberts-Thomson, Sarah J},
  journal={Nature reviews. Cancer},
  volume={7},
  number={7},
  pages={519},
  year={2007},
  publisher={Nature Publishing Group}
}

@article{hermani2005calcium,
  title={Calcium-binding proteins S100A8 and S100A9 as novel diagnostic markers in human prostate cancer},
  author={Hermani, Alexander and Hess, Jochen and De Servi, Barbara and Medunjanin, Senad and Grobholz, Rainer and Trojan, Lutz and Angel, Peter and Mayer, Doris},
  journal={Clinical Cancer Research},
  volume={11},
  number={14},
  pages={5146--5152},
  year={2005},
  publisher={AACR}
}

@article{usami2013intercellular,
  title={Intercellular adhesion molecule-1 (ICAM-1) expression correlates with oral cancer progression and induces macrophage/cancer cell adhesion},
  author={Usami, Yu and Ishida, Ken and Sato, Sunao and Kishino, Mitsunobu and Kiryu, Megumi and Ogawa, Yuzo and Okura, Masaya and Fukuda, Yasuo and Toyosawa, Satoru},
  journal={International journal of cancer},
  volume={133},
  number={3},
  pages={568--578},
  year={2013},
  publisher={Wiley Online Library}
}


@article{tilan2016neuropeptide,
  title={Neuropeptide Y (NPY) in tumor growth and progression: Lessons learned from pediatric oncology},
  author={Tilan, Jason and Kitlinska, Joanna},
  journal={Neuropeptides},
  volume={55},
  pages={55--66},
  year={2016},
  publisher={Elsevier}
}

@incollection{pio2014role,
  title={The role of complement in tumor growth},
  author={Pio, Ruben and Corrales, Leticia and Lambris, John D},
  booktitle={Tumor microenvironment and cellular stress},
  pages={229--262},
  year={2014},
  publisher={Springer}
}

@article{leung2006deletion,
  title={Deletion of the carcinoembryonic antigen-related cell adhesion molecule 1 (Ceacam1) gene contributes to colon tumor progression in a murine model of carcinogenesis},
  author={Leung, N and Turbide, C and Olson, M and Marcus, V and Jothy, S and Beauchemin, N},
  journal={Oncogene},
  volume={25},
  number={40},
  pages={5527},
  year={2006},
  publisher={Nature Publishing Group}
}

@article{stappert2015role,
  title={The role of microRNAs in human neural stem cells, neuronal differentiation and subtype specification},
  author={Stappert, Laura and Roese-Koerner, Beate and Br{\"u}stle, Oliver},
  journal={Cell and tissue research},
  volume={359},
  number={1},
  pages={47--64},
  year={2015},
  publisher={Springer}
}

@article{abranches2009neural,
  title={Neural differentiation of embryonic stem cells in vitro: a road map to neurogenesis in the embryo},
  author={Abranches, Elsa and Silva, Margarida and Pradier, Laurent and Schulz, Herbert and Hummel, Oliver and Henrique, Domingos and Bekman, Evguenia},
  journal={PloS one},
  volume={4},
  number={7},
  pages={e6286},
  year={2009},
  publisher={Public Library of Science}
}

@article{schubert2013melanoma,
  title={Melanoma cells use Thy-1 (CD90) on endothelial cells for metastasis formation},
  author={Schubert, Kathleen and Gutknecht, Danny and K{\"o}berle, Margarethe and Anderegg, Ulf and Saalbach, Anja},
  journal={The American journal of pathology},
  volume={182},
  number={1},
  pages={266--276},
  year={2013},
  publisher={Elsevier}
}

@article{zimmerer2013functional,
  title={Functional features of cancer stem cells in melanoma cell lines},
  author={Zimmerer, R{\"u}diger M and Korn, Philippe and Demougin, Philippe and Kampmann, Andreas and Kokem{\"u}ller, Horst and Eckardt, Andr{\'e} M and Gellrich, Nils-Claudius and Tavassol, Frank},
  journal={Cancer cell international},
  volume={13},
  number={1},
  pages={78},
  year={2013},
  publisher={BioMed Central}
}

@article{misu2015effects,
  title={Effects of Wnt-10b on proliferation and differentiation of murine melanoma cells},
  author={Misu, Masayasu and Ouji, Yukiteru and Kawai, Norikazu and Nishimura, Fumihiko and Nakamura-Uchiyama, Fukumi and Yoshikawa, Masahide},
  journal={Biochemical and biophysical research communications},
  volume={463},
  number={4},
  pages={618--623},
  year={2015},
  publisher={Elsevier}
}

@article{murry2006heparanase,
  title={Heparanase mechanisms of melanoma metastasis to the brain: Development and use of a brain slice model},
  author={Murry, Brian P and Blust, Bryan E and Singh, Amandip and Foster, Timothy P and Marchetti, Dario},
  journal={Journal of cellular biochemistry},
  volume={97},
  number={2},
  pages={217--225},
  year={2006},
  publisher={Wiley Online Library}
}

@article{bender2005generating,
  title={Generating survival times to simulate Cox proportional hazards models},
  author={Bender, Ralf and Augustin, Thomas and Blettner, Maria},
  journal={Statistics in medicine},
  volume={24},
  number={11},
  pages={1713--1723},
  year={2005},
  publisher={Wiley Online Library}
}

@article{zeng2019pathway,
  title={A Pathway-Based Kernel Boosting Method for Sample Classification Using Genomic Data},
  author={Zeng, Li and Yu, Zhaolong and Zhao, Hongyu},
  journal={Genes},
  volume={10},
  number={9},
  pages={670},
  year={2019},
  publisher={Multidisciplinary Digital Publishing Institute}
}

@article{li2005boosting,
  title={Boosting proportional hazards models using smoothing splines, with applications to high-dimensional microarray data},
  author={Li, Hongzhe and Luan, Yihui},
  journal={Bioinformatics},
  volume={21},
  number={10},
  pages={2403--2409},
  year={2005},
  publisher={Oxford University Press}
}

@article{harrell1982evaluating,
  title={Evaluating the yield of medical tests},
  author={Harrell Jr, Frank E and Califf, Robert M and Pryor, David B and Lee, Kerry L and Rosati, Robert A and others},
  journal={Jama},
  volume={247},
  number={18},
  pages={2543--2546},
  year={1982}
}

@article{smola2004tutorial,
  title={A tutorial on support vector regression},
  author={Smola, Alex J and Sch{\"o}lkopf, Bernhard},
  journal={Statistics and computing},
  volume={14},
  number={3},
  pages={199--222},
  year={2004},
  publisher={Springer}
}

@article{zou2005regularization,
  title={Regularization and variable selection via the elastic net},
  author={Zou, Hui and Hastie, Trevor},
  journal={Journal of the Royal Statistical Society: Series B (Statistical Methodology)},
  volume={67},
  number={2},
  pages={301--320},
  year={2005},
  publisher={Wiley Online Library}
}

@article{ishwaran2008random,
  title={Random survival forests},
  author={Ishwaran, Hemant and Kogalur, Udaya B and Blackstone, Eugene H and Lauer, Michael S},
  journal={The annals of applied statistics},
  pages={841--860},
  year={2008},
  publisher={JSTOR}
}

@article{binder2013coxboost,
  title={CoxBoost: Cox models by likelihood based boosting for a single survival endpoint or competing risks},
  author={Binder, Harald},
  journal={R package version},
  volume={1},
  year={2013}
}

@article{simon2011regularization,
  title={Regularization paths for Coxâ€™s proportional hazards model via coordinate descent},
  author={Simon, Noah and Friedman, Jerome and Hastie, Trevor and Tibshirani, Rob},
  journal={Journal of statistical software},
  volume={39},
  number={5},
  pages={1},
  year={2011},
  publisher={NIH Public Access}
}

@article{barretina2012cancer,
  title={The Cancer Cell Line Encyclopedia enables predictive modelling of anticancer drug sensitivity},
  author={Barretina, Jordi and Caponigro, Giordano and Stransky, Nicolas and Venkatesan, Kavitha and Margolin, Adam A and Kim, Sungjoon and Wilson, Christopher J and Leh{\'a}r, Joseph and Kryukov, Gregory V and Sonkin, Dmitriy and others},
  journal={Nature},
  volume={483},
  number={7391},
  pages={603},
  year={2012},
  publisher={Nature Publishing Group}
}

@article{gene2016expansion,
  title={Expansion of the Gene Ontology knowledgebase and resources},
  author={Gene Ontology Consortium},
  journal={Nucleic acids research},
  volume={45},
  number={D1},
  pages={D331--D338},
  year={2016},
  publisher={Oxford University Press}
}

@article{ashburner2000gene,
  title={Gene Ontology: tool for the unification of biology},
  author={Ashburner, Michael and Ball, Catherine A and Blake, Judith A and Botstein, David and Butler, Heather and Cherry, J Michael and Davis, Allan P and Dolinski, Kara and Dwight, Selina S and Eppig, Janan T and others},
  journal={Nature genetics},
  volume={25},
  number={1},
  pages={25},
  year={2000},
  publisher={Nature Publishing Group}
}

@article{huang2008bioinformatics,
  title={Bioinformatics enrichment tools: paths toward the comprehensive functional analysis of large gene lists},
  author={Huang, Da Wei and Sherman, Brad T and Lempicki, Richard A},
  journal={Nucleic acids research},
  volume={37},
  number={1},
  pages={1--13},
  year={2008},
  publisher={Oxford University Press}
}

@article{warde2010genemania,
  title={The GeneMANIA prediction server: biological network integration for gene prioritization and predicting gene function},
  author={Warde-Farley, David and Donaldson, Sylva L and Comes, Ovi and Zuberi, Khalid and Badrawi, Rashad and Chao, Pauline and Franz, Max and Grouios, Chris and Kazi, Farzana and Lopes, Christian Tannus and others},
  journal={Nucleic acids research},
  volume={38},
  number={suppl\_2},
  pages={W214--W220},
  year={2010},
  publisher={Oxford University Press}
}

@article{ridgeway2006gbm,
  title={gbm: Generalized boosted regression models},
  author={Ridgeway, Greg and others},
  journal={R package version},
  volume={1},
  number={3},
  pages={55},
  year={2006}
}

@article{shou2004mechanisms,
  title={Mechanisms of tamoxifen resistance: increased estrogen receptor-HER2/neu cross-talk in ER/HER2--positive breast cancer},
  author={Shou, Jiang and Massarweh, Suleiman and Osborne, C Kent and Wakeling, Alan E and Ali, Simale and Weiss, Heidi and Schiff, Rachel},
  journal={Journal of the National Cancer Institute},
  volume={96},
  number={12},
  pages={926--935},
  year={2004},
  publisher={Oxford University Press}
}

@article{shtivelman2014molecular,
  title={Molecular pathways and therapeutic targets in lung cancer},
  author={Shtivelman, Emma and Hensing, Thomas and Simon, George R and Dennis, Phillip A and Otterson, Gregory A and Bueno, Raphael and Salgia, Ravi},
  journal={Oncotarget},
  volume={5},
  number={6},
  pages={1392},
  year={2014},
  publisher={Impact Journals, LLC}
}

@article{berk2009neuroprogression,
  title={Neuroprogression: pathways to progressive brain changes in bipolar disorder},
  author={Berk, Michael},
  journal={International Journal of Neuropsychopharmacology},
  volume={12},
  number={4},
  pages={441--445},
  year={2009},
  publisher={Cambridge University Press Cambridge, UK}
}

@article{friedrichs2017pathway,
  title={Pathway-based kernel boosting for the analysis of genome-wide association studies},
  author={Friedrichs, Stefanie and Manitz, Juliane and Burger, Patricia and Amos, Christopher I and Risch, Angela and Chang-Claude, Jenny and Wichmann, Heinz-Erich and Kneib, Thomas and Bickeb{\"o}ller, Heike and Hofner, Benjamin},
  journal={Computational and mathematical methods in medicine},
  volume={2017},
  year={2017},
  publisher={Hindawi}
}

@article{manica2019pimkl,
  title={PIMKL: Pathway-Induced Multiple Kernel Learning},
  author={Manica, Matteo and Cadow, Joris and Mathis, Roland and Mart{\'\i}nez, Mar{\'\i}a Rodr{\'\i}guez},
  journal={NPJ Systems Biology and Applications},
  volume={5},
  number={1},
  pages={8},
  year={2019},
  publisher={Nature Publishing Group}
}

@article{hoerl1970ridge,
  title={Ridge regression: Biased estimation for nonorthogonal problems},
  author={Hoerl, Arthur E and Kennard, Robert W},
  journal={Technometrics},
  volume={12},
  number={1},
  pages={55--67},
  year={1970},
  publisher={Taylor \& Francis Group}
}

@article{ramanan2012pathway,
  title={Pathway analysis of genomic data: concepts, methods, and prospects for future development},
  author={Ramanan, Vijay K and Shen, Li and Moore, Jason H and Saykin, Andrew J},
  journal={TRENDS in Genetics},
  volume={28},
  number={7},
  pages={323--332},
  year={2012},
  publisher={Elsevier}
}


@article{tomczak2015tcga,
  title={The Cancer Genome Atlas (TCGA): an immeasurable source of knowledge},
  author={Tomczak, Katarzyna and Czerwi{\'n}ska, Patrycja and Wiznerowicz, Maciej},
  journal={Contemporary oncology},
  volume={19},
  number={1A},
  pages={A68},
  year={2015},
  publisher={Termedia Publishing}
}


@article{reuter2015high,
  title={High-throughput sequencing technologies},
  author={Reuter, Jason A and Spacek, Damek V and Snyder, Michael P},
  journal={Molecular cell},
  volume={58},
  number={4},
  pages={586--597},
  year={2015},
  publisher={Elsevier}
}

@article{kim2013gwas,
  title={GWAS meets TCGA to illuminate mechanisms of cancer predisposition},
  author={Kim, Hyun Seok and Minna, John D and White, Michael A},
  journal={Cell},
  volume={152},
  number={3},
  pages={387--389},
  year={2013},
  publisher={Elsevier}
}

@article{sanchez2018oncogenic,
  title={Oncogenic signaling pathways in the cancer genome atlas},
  author={Sanchez-Vega, Francisco and Mina, Marco and Armenia, Joshua and Chatila, Walid K and Luna, Augustin and La, Konnor C and Dimitriadoy, Sofia and Liu, David L and Kantheti, Havish S and Saghafinia, Sadegh and others},
  journal={Cell},
  volume={173},
  number={2},
  pages={321--337},
  year={2018},
  publisher={Elsevier}
}

@article{liu2018integrated,
  title={An integrated TCGA pan-cancer clinical data resource to drive high-quality survival outcome analytics},
  author={Liu, Jianfang and Lichtenberg, Tara and Hoadley, Katherine A and Poisson, Laila M and Lazar, Alexander J and Cherniack, Andrew D and Kovatich, Albert J and Benz, Christopher C and Levine, Douglas A and Lee, Adrian V and others},
  journal={Cell},
  volume={173},
  number={2},
  pages={400--416},
  year={2018},
  publisher={Elsevier}
}

@article{wang2019predict,
  title={Predict drug sensitivity of cancer cells with pathway activity inference},
  author={Wang, Xuewei and Sun, Zhifu and Zimmermann, Michael T and Bugrim, Andrej and Kocher, Jean-Pierre},
  journal={BMC medical genomics},
  volume={12},
  number={1},
  pages={15},
  year={2019},
  publisher={BioMed Central}
}

